
@book{konrad-adenauer-stiftung_indice_2003,
	address = {Buenos Aires},
	title = {Índice de {Desarrollo} {Democrático} de {América} {Latina}: 2003.},
	isbn = {978-987-21062-0-1},
	shorttitle = {Índice de {Desarrollo} {Democrático} de {América} {Latina}},
	language = {Spanish},
	publisher = {Fundación Konrad Adenauer : Polilat.com},
	author = {{Konrad-Adenauer-Stiftung} and {Polilat.com (Firm)}},
	year = {2003},
	note = {OCLC: 54677205}
}

@book{misas_a._desarrollo_2001,
	address = {Sede Bogotá},
	edition = {1a ed},
	title = {Desarrollo económico y social en {Colombia}, siglo {XX}},
	isbn = {978-958-701-024-4},
	publisher = {Universidad Nacional de Colombia, Facultad de Ciencias Económicas},
	editor = {Misas A., Gabriel and Corredor Martínez, Consuelo and Universidad Nacional de Colombia},
	year = {2001},
	keywords = {20th century, Colombia, Economic conditions, Economic policy, Social conditions, Social policy}
}